% Encoding: UTF-8
@article{bibl1,
	title =     {Dynamic finite-element analysis
	of a planar high-speed, high-precision parallel manipulator with flexible links},
	author =    {G. Piras, W. L. Cleghorn, and J. K. Mills},
	publisher = {Mechanism and Machine Theory},
	year =      {2005},
	series =    {Undergraduate topics in computer science},
	volume =    {40},
	pages =     {1061},
	
}

@article{welding,
	author={Z. Li, Z. Huang, and Y. Huang},
	title={Design of spot welding robot},
	journal={Indonesian Journal of Electrical Engineering},
	volume={11},
	number={11},
	pages={6267 - 6273},
	year={2014},
}

@article{painting,
	author={S. Kudoh, K. Ogawara, M. Ruchanurucks, and K. Ikeuchi},
	title={Painting robot with multi-fingered hands and stereo vision},
	journal={Robotics and Autonomous Systems},
	volume={57},
	number={3},
	pages={279 - 288},
	year={2009},
}

@article{grab,
	title={Multi-modal human-machine communication for instructing robot grasping tasks},
	author={P. McGuire, J. Fritsch, J. J. Steil, F. Rothling, G. A. Fink, S. Wachsmuth, G. Sagerer, and H. Ritter},
	journal={ International Conference on Intelligent Robots and Systems},
	volume={2},
	pages={1082 - 1088},
	year={2012},
	publisher={IOP Publishing},
}

@article{farming,
	author = {A. Bechar and C. Vigneault},
	title = {Agricultural robots for field operations. Part 2:Operations and systems},
	journal = {Biosystems Engineering},
	pages = {110 - 128},
	volume = {153},
	year = {2017},
}

@arcticle{medicine1,
	author =    {Y. Ogura, H. Aikawa, K. Shimomura, H. Kondo, A. Morishima, H. O. Lim, and A. Takanishi},
	title =     {Development of a new humanoid robot WABIAN-2},
	pages=      {76 - 81},
	journal =   {Proceedings of IEEE International Conference on Robotics and Automation},
	year =      {2016},
}

@arcticle{medicine2,
	author =    {H. Lim, Y. Sugahara, and A. Takanishi},
	title =     {Development of a biped locomotor applicable to medical and welfare fields},
	pages=      {950 - 955},
	journal =   {Proceedings of IEEE International Conference on Robotics and Automation},
	year =      {2013},
}

@arcticle{edu,
	author =    {Y. J. Lee, and S. Hirose},
	title =     {Three-legged walking for fault tolerant locomotion of a quadruped robot with demining mission},
	pages=      {973 - 978},
	journal =   {International Conference on Intelligent Robots and Systems},
	year =      {2010},
}

@article{Laika,
	author = {Unitree},
	title = {Laikago: a four leg robot is coming to you},
	journal = {IEEE Spectrum},
	year = {2020}
}

@article {cheetah,
	author = {B. Katz, J. D. Carlo, and S. Kim},
	title = {Mini cheetah: A platform for pushing the limits of dynamic quadruped control},
	pages = {6295 - 6301},
	year = {2019},
	publisher = {ICRA},
}
@article{spot,
	author = {E. Guizzo},
	title = {Boston Dynamics’ Spot Robot Dog Goes on Sale},
	journal = {IEEE Spectrum},
	year = {2019}
}


@article{SDoggo,
	author = {N. Kau, A. Schultz, N. Ferrante, and P. Slade},
	title = {Stanford doggo: An open-source, quasi-directdrive quadruped},
	journal = {International Conference on Robotics and Automation},
	publisher = {ICRA},
	pages = {6309 – 6315},
	year = {2019}
}


@article{movement_art,
	author = {P. G. Santos, J. A. G´alvez, J. Estremera, and E. Garcia},
	title = { A true walking robot for the comparative study of walking machine techniques},
	journal = {Robotics and Automation Magazine},
	volume = {10},
	number = {4},
	pages = {23-32},
	year = {2007}
}



@article{dog_and_robo_dog,
	author = {Matt Simon },
	title = {How a Real Dog Taught a Robot Dog to Walk},
	journal = {Wired},
	year = {2020}
	
}

@article{fpso1,
	author = {Aker BP},
	title = {Exploring the potential of robotics in the oil and gas industry},
	journal = {Aker BP News},
	year = {2020}
}

@article{fpso2,
	author = {Aker BP},
	title = {Approved development plan for the Hod field},
	journal = {Aker BP News},
	year = {2020}
}


@book{Nakano,
	title =     {Введение в робототехнику},
	author =    {Накано Э.},
	publisher = {Мир},
	year =      {1988},
}


@article{BigDog,
	author = {M. Raibert, Kevin Blankespoor, G. Nelson, R. Playter},
	title = {BigDog, the Rough-Terrain Quadruped Robot},
	journal = {IFAC Proceedings Volumes},
	volume = {41},
	pages = {10822-10825},
	year = {2008}
}

@misc{Bomonka,
	title = {Презентация платформы для разработки робособак Unitree Robotics прошла а МГТУ},
	howpublished = {\url{https://bmstu.ru/news/prezentacia-platformy-dla-razrabotki-robosobak-unitree-robotics
	-prosla-a-mgtu-7708}},
	note = {Дата посещения: 20.02.2023}
}

@article {r_learning,
	author = {Guillaume Bellegarda, Yiyu Chen, Zhuochen Liu, and Quan Nguyen},
	title = {Robust High-Speed Running for Quadruped Robots via Deep Reinforcement Learning},
	pages = {1-7},
	year = {2023},
}